@article{aiken99introduction,
  author    = {Alexander Aiken},
  title     = {Introduction to Set Constraint-Based Program Analysis.},
  journal   = {Science of Computer Programming},
  volume    = {35},
  number    = {2-3},
  year      = {1999},
  pages     = {79-111},
}

@inproceedings{ augustsson93implementing,
  author    = {Lennart Augustsson},
  title     = {Implementing {H}askell Overloading},
  booktitle = {{FPCA} '93: Proceedings of the Conference on Functional Programming Languages and Computer Architecture},
  pages     = {65-73},  
  publisher = {ACM Press},
  month     = {June},
  year      = {1993},
}

@inproceedings{chakravarty05associatedsyn,
  author    = {Manuel M. T. Chakravarty and
               Gabriele Keller and
               Simon L. {Peyton Jones}},
  title     = {Associated type synonyms.},
  booktitle = {{ICFP} '05: Proceedings of the International Conference on Functional Programming},
  year      = {2005},
  pages     = {241-253},
  publisher = {ACM Press},
  address   = {New York, NY, USA},
}

@inproceedings{chakravarty05associated,
  author    = {Manuel M. T. Chakravarty and
               Gabriele Keller and
               Simon L. {Peyton Jones} and
               Simon Marlow},
  title     = {Associated types with class.},
  booktitle = {{POPL} '05: Proceedings of the Symposium on Principles of Programming Languages},
  year      = {2005},
  pages     = {1-13},
  publisher = {ACM Press},
  address   = {New York, NY, USA},
}

@inproceedings{quickcheck,
  author    = {Koen Claessen and John Hughes},
  title     = {{QuickCheck}: a lightweight tool for random testing of {Haskell} programs},
  booktitle = {{ICFP} '00: Proceedings of the 5th ACM SIGPLAN International Conference on Functional Programming},
  year      = {2000},
  pages     = {268-279},
  publisher = {ACM Press},
  address   = {New York, NY, USA},
 }
 
@techreport{ dijkstra05making,
  author      = {Atze Dijkstra and S. Doaitse Swierstra},
  title       = {Making Implicit Parameters Explicit},
  number      = {UU-CS-2005-032},
  institution = {Institute of Information and Computing Sciences, Utrecht University},
  year        = {2005}
}

@phdthesis{ dijkstra05phd,
  author    = {Atze Dijkstra},
  school    = {Universiteit Utrecht, The Netherlands},
  title     = {Stepping through Haskell},
  year      = {2005},
  month     = {November}
}

@inproceedings{fds-chrs,
  author    = {Gregory J. Duck and
               Simon L. {Peyton Jones} and
               Peter J. Stuckey and
               Martin Sulzmann},
  title     = {Sound and Decidable Type Inference for Functional Dependencies.},
  booktitle = {{ESOP} '04: Proceedings of the 13th European Symposium on Programming},
  year      = {2004},
  pages     = {49-63},
  publisher = {Springer-Verlag},
  series    = {LNCS},
  volume    = {2986},
}

@article{ erwig-inductive,
  author    = {Martin Erwig},
  title     = {Inductive Graphs and Functional Graph Algorithms},
  year      = {2001},
  journal   = {Journal of Functional Programming},
  month     = {September},
  volume    = {11},
  number    = {5},
  pages     = {467--492},
}

@article{faxen-02,
  author    = {Karl-Filip Fax\'{e}n},
  title     = {A Static Semantics for {Haskell}},
  pages     = {295--357},
  year      = {2002},
  month     = {July},
  journal   = {Journal of Functional Programming},
  volume    = {12},
  number    = {4\&5},
}

@article{fruhwirth95chrs,
  author    = {Thom W. Fr{\"{u}}hwirth},
  title     = {Theory and practice of Constraint Handling Rules},
  journal   = {Journal of Logic Programming},  
  year      = {1998},
  month     = {October},
  volume    = {37},
  number    = {1-3},
  pages     = {95-138},
}

@inproceedings{glynn00type,
  author    = {Kevin Glynn and Peter J. Stuckey and Martin Sulzmann},
  title     = {Type Classes and Constraint Handling Rules},
  booktitle = {First Workshop on Rule-Based Constraint Reasoning and Programming},
  month     = {July},
  year      = {2000},
}

@article{ halletall96typeclasses,
  author    = {Cordelia V. Hall and Kevin Hammond and Simon L. {Peyton Jones} and Philip L. Wadler},
  title     = {Type classes in {H}askell},
  journal   = {ACM Transactions on Programming Languages and Systems},
  volume    = {18},
  number    = {2},
  year      = {1996},
  pages     = {109--138},
  publisher = {ACM Press},
  address   = {New York, NY, USA}
}

@inproceedings{ Helscripting,
  author      = {Bastiaan J. Heeren and Jurriaan Hage and S. Doaitse Swierstra},
  title       = {Scripting the type inference process},
  booktitle   = {ICFP'03: Proceedings of the eighth ACM SIGPLAN International Conference on Functional Programming},
  year        = {2003},
  publisher   = {ACM Press},
  address     = {New York},
  pages       = {3 -- 13}
}

@inproceedings{ heerenhage05directives,
  author    = {Bastiaan J. Heeren and Jurriaan Hage},
  title     = {Type Class Directives},
  booktitle = {{PADL} '05: Proceedings of the 7th International Symposium on Practical Aspects of Declarative Languages},
  year      = {2005},
  month     = {January},
  editor    = {Hermenegildo, Manuel; Cabeza, Daniel},
  volume    = {3350},
  pages     = {253-267},
  series    = {LNCS},
  organization = {PADL},
  publisher = {Springer-Verlag}
}

@phdthesis{ heeren05,
  author    = {Bastiaan J. Heeren},
  school    = {Universiteit Utrecht, The Netherlands},
  title     = {Top Quality Type Error Messages},
  year      = {2005},
  month     = {September},
}

@inproceedings{ Helium,
  author    = {Bastiaan J. Heeren and Daan Leijen and {Arjan van IJzendoorn}},
  title     = {Helium, for Learning {H}askell},
  booktitle = {Haskell'03: Proceedings of the ACM SIGPLAN Workshop on {H}askell},
  year      = {2003},
  publisher = {ACM Press},
  address   = {New York},
  pages     = {62 -- 71}
}

@incollection{ jones92theory,
  author    = {Mark P. Jones},
  title     = {A Theory of Qualified Types},
  booktitle = {{ESOP} '92: Proceedings of the 4th European Symposium on Programming},  
  volume    = {582},
  publisher = {Springer-Verlag},
  address   = {New York, N.Y.},
  editor    = {Bernd Krieg-Bruckner},
  pages     = {287-306},
  year      = {1992}
}

@inproceedings{ jones93system,
  author    = {Mark P. Jones},
  title     = {{A} system of constructor classes: overloading and implicit higher-order polymorphism},
  booktitle = {{FPCA} '93: Proceedings of the Conference on Functional Programming Languages and Computer Architecture},
  publisher = {ACM Press},
  address   = {New York},
  pages     = {52--61},
  year      = {1993},
}

@article{jones95dictionary,
  author    = {Jones, Mark P.},
  title     = {Dictionary-free overloading by partial evaluation},
  journal   = {Lisp and Symbolic Computation},
  volume    = 8,
  number    = 3,
  pages     = {229--248},
  year      = 1995
} 

@book{ jones95qualified,
  author    = {Mark P. Jones},
  title     = {Qualified types: theory and practice},
  year      = {1995},
  publisher = {Cambridge University Press},
  address   = {New York, NY, USA},
}

@inproceedings{jones95improving,
  author    = {Mark P. Jones},
  title     = {Simplifying and improving qualified types},
  booktitle = {FPCA '95: Proceedings of the 7th International Conference on Functional Programming Languages and Computer Architecture},
  year      = {1995},  
  month     = {June},
  pages     = {160--169},  
  publisher = {ACM Press},
  address   = {New York, NY, USA},
}

@inproceedings{ jones99typing,
  author    = {Mark P. Jones},
  title     = {Typing {Haskell} in {Haskell}},
  booktitle = {Haskell'99: Proceedings of the ACM SIGPLAN Workshop on {H}askell},
  month     = {September},
  year      = {1999},
  publisher = {ACM Press},
  address   = {New York},  
} 

@inproceedings{ jones00type,
  author    = {Mark P. Jones},
  title     = {Type Classes with Functional Dependencies},
  booktitle = {{ESOP} '00: Proceedings of the 9th European Symposium on Programming},
  month     = {March},
  year      = {2000},
  number    = {1782},
  journal   = {LNCS},
  volume    = {1782},
  pages     = {230--244},
  year      = {2000},
  publisher = {Springer-Verlag},
  address   = {London, UK},
} 

@inproceedings{ jones99lightweight,
  author    = {Mark P. Jones and Simon L. {Peyton Jones}},
  title     = {Lightweight Extensible Records for {Haskell}},
  booktitle = {Haskell'99: Proceedings of the ACM SIGPLAN Workshop on {H}askell},  
  year      = {1999},
}

@book{jones03haskell,
  author    = {Simon L. {Peyton Jones}},
  title     = {Haskell 98, Language and Libraries: The Revised Report},
  publisher = {Cambridge University Press},
  year      = {2003}
}

@inproceedings{ jones97type,
  author    = {Simon L. {Peyton Jones} and Mark P. Jones and Erik Meijer},  
  title     = {Type classes: an exploration of the design space},
  booktitle = {Haskell'97: Proceedings of the ACM SIGPLAN Workshop on {H}askell},
  year      = {1997},
  month     = {June},
}

@inproceedings{ kaes88par,
  author    = {Stefan Kaes},
  title     = {Parametric overloading in polymorphic programming languages},
  booktitle = {{ESOP} '88: Proceedings of the 2nd European Symposium on Programming},
  year      = 1988,
  pages     = {131-144},
  publisher = {Springer},
  volume    = {300},
  series    = {LNCS}
}

@inproceedings{hlist,
  author    = {Oleg Kiselyov and Ralf L{\"a}mmel and Keean Schupke},
  title     = {Strongly typed heterogeneous collections},
  booktitle = {Haskell'04: Proceedings of the ACM SIGPLAN Workshop on {H}askell},
  year      = {2004},  
  pages     = {96--107},
  publisher = {ACM Press},
}

@article{laufer96exist,
  author    = {Konstantin L{\"{a}}ufer},
  title     = {Type Classes with Existential Types},
  journal   = {Journal of Functional Programming},
  year      = 1996,
  month     = may,
  volume    = 6,
  number    = 3,
  pages     = {485--517}
}

@inproceedings{lewis00implicit,
  author    = {Jeffrey R. Lewis and Mark Shields and John Launchbury and Erik Meijer},
  title     = {Implicit Parameters: Dynamic Scoping with Static Types},
  booktitle = {{POPL} '00: Proceedings of the Symposium on Principles of Programming Languages},
  pages     = {108-118},
  year      = {2000}
}

@article{ Ghc,
  author    = {Simon Marlow and Simon L. {Peyton Jones}},
  title     = {The {G}lasgow {H}askell {C}ompiler (version 6.6)},
  year      = {2006}
}

@inproceedings{ odersky95second,
  author    = {Martin Odersky and Philip Wadler and Martin Wehr},
  title     = {A Second Look at Overloading},
  booktitle = {FPCA '95: Proceedings of the 7th International Conference on Functional Programming Languages and Computer Architecture},
  pages     = {135-146},
  year      = {1995},
}

@inproceedings{stuckeysulz02overloading,
  author    = {Peter J. Stuckey and Martin Sulzmann},
  title     = {A theory of overloading},
  booktitle = {ICFP '02: Proceedings of the seventh ACM SIGPLAN International Conference on Functional Programming},
  year      = {2002},
  pages     = {167--178},
  publisher = {ACM Press},
  address   = {New York, USA},
}

@article{ sulz06chrfd,
  author    = {Martin Sulzmann and Gregory J. Duck and Simon L. {Peyton Jones} and Peter J. Stuckey},
  title     = {Understanding Functional Dependencies via Constraint Handling Rules},
  journal   = {Journal of Functional Programming},
  year      = {2007},
  month     = {January},
  volume    = 17,
  number    = 1,
  pages     = {83--129} 
}

@inproceedings{sulz06extracting,
  author    = {Martin Sulzmann},
  title     = {Extracting programs from type class proofs},
  booktitle = {PPDP '06: Proceedings of the 8th ACM SIGPLAN symposium on Principles and Practice of Declarative Programming},
  year      = {2006},
  pages     = {97--108},
  publisher = {ACM Press},
  address   = {New York, NY, USA},
}

@misc{ sulz01chameleon,
  author    = {Martin Sulzmann and Jeremy Wazny},
  title     = {Implementing overloading in {Chameleon}, \url{http://taichi.ddns.comp.nus.edu.sg/taichiwiki/ChameleonHomePage}},
  year      = {2001} 
}

@inproceedings{ wadler89how,
  author    = {Philip Wadler and Stephen Blott},
  title     = {How to make ad-hoc polymorphism less ad-hoc},
  pages     = {60--76},
  booktitle = {{POPL} '89: Proceedings of the Symposium on Principles of Programming Languages},
  publisher = {ACM},
  month     = JAN,
  year      = 1989,
}

%%%%%%%%%%%%%%%%%%%%%%%%%%%%%%%%%%%%%%%%%%%%%%%%%
%% Misc.
%%%%%%%%%%%%%%%%%%%%%%%%%%%%%%%%%%%%%%%%%%%%%%%%%

@article{ shields01objectoriented,
    author = {Mark Shields and Simon L. {Peyton Jones}},
    title = "Object-Oriented Style Overloading for {H}askell",
    journal = "Electronic Notes in Theoretical Computer Science",
    volume = "59",
    number = "1",
    year = "2001",
}

@misc{ meacham05classaliases,
   author = "John Meacham",
   title = "Class Aliases",
   howpublished = "Hakell mailing list",
   month = "10",
   year = "2005",
}

@inproceedings{ peterson93implementing,
 author = {John Peterson and Mark P. Jones},
 title = {Implementing type classes},
 booktitle = {PLDI '93: Proceedings of the ACM SIGPLAN 1993 conference on Programming language design and implementation},
 year = {1993},
 isbn = {0-89791-598-4},
 pages = {227--236},
 location = {Albuquerque, New Mexico, United States},
 publisher = {ACM Press},
 address = {New York, NY, USA} 
}

@article{hent96strategic,
 author = {Pascal van Hentenryck and Vijay Saraswat},
 title = {Strategic directions in constraint programming},
 journal = {ACM Comput. Surv.},
 volume = {28},
 number = {4},
 year = {1996},
 issn = {0360-0300},
 pages = {701--726},
 publisher = {ACM Press},
 address = {New York, NY, USA},
 }

@inproceedings{ Helconstraint,
  author    = {Bastiaan Heeren and Jurriaan Hage and Doaitse Swierstra},
  title     = {Constraint based type inferencing in {H}elium},
  month     = {September},
  year      = {2003},
  editor    = {M.-C.~Silaghi and M.~Zanker},
  pages     = {59 -- 80},
  booktitle = {Workshop Proceedings of Immediate Applications of Constraint Programming},
  address   = {Cork},
  pubcat    = {workshop},
  notes     = {Based on \cite{heeren2002parametric} and \cite{heeren2002generalizing}},
}

@techreport{ heeren2002generalizing,
    title       = "Generalizing Hindley-Milner Type Inference Algorithms", 
    author      = "Bastiaan Heeren and Jurriaan Hage and S. Doaitse Swierstra",    
    month       = "July",
    year        = "2002",
    institution = "Institute of Information and Computing Science",    
    address     = "University Utrecht, Netherlands",
    note        = "Technical Report",
    number      = "UU-CS-2002-031",          
}

@inproceedings{ DM82,
    author    = "Luis Damas and Robin Milner",
    title     = "Principal type schemes for functional programs",
    booktitle = "POPL'82: Principles of Programming Languages",
    pages     = "207-212",
    year      = "1982"
}
