@inproceedings{okasaki02postfix,
 author = {Chris Okasaki},
 title = {Techniques for embedding postfix languages in {H}askell},
 booktitle = {Haskell '02: Proceedings of the 2002 ACM SIGPLAN workshop on Haskell},
 year = {2002},
 isbn = {1-58113-605-6},
 pages = {105--113},
 location = {Pittsburgh, Pennsylvania},
 doi = {http://doi.acm.org/10.1145/581690.581699},
 publisher = {ACM Press},
 address = {New York, NY, USA},
 }

@unpublished{hinzequote,
  author        = "Ralf Hinze",
  title         = "Functional Pearl: Typed Quote/Antiquote",
  note          = "Under consideration for publication in J. Functional
                  Programming",
  month         = "",
  year          = ""  }

@inproceedings{jones01contracts,
 author = {Simon L. Peyton Jones and Jean-Marc Eber and Julian Seward},
 title = {Composing Contracts: An Adventure in Financial Engineering},
 booktitle = {FME '01: Proceedings of the International Symposium of Formal Methods Europe on Formal Methods for Increasing Software Productivity},
 year = {2001},
 isbn = {3-540-41791-5},
 pages = {435},
 publisher = {Springer-Verlag},
 address = {London, UK},
 }

@inproceedings{hudak98modular,
    author = "Paul Hudak",
    title = "Modular Domain Specific Languages and Tools",
    booktitle = {ICSR '98: Proceedings of the 5th International Conference on Software Reuse},
    publisher = "IEEE Computer Society Press",
    editor = "P. Devanbu and J. Poulin",
    pages = "134--142",
    year = "1998",
    address = {Washington, DC, USA},
    url = "citeseer.ist.psu.edu/hudak98modular.html" }

@InProceedings{Helscripting,
  author      = {Bastiaan Heeren and Jurriaan Hage and S. Doaitse Swierstra},
  title       = {Scripting the type inference process},
  booktitle   = {Eighth ACM Sigplan International Conference on Functional Programming},
  year        = {2003},
  publisher   = {ACM Press},
  address     = {New York},
  pages       = {3 -- 13}
}

@book{jones03haskell,
  author        = "Simon L. Peyton Jones",
  title         = "Haskell 98, Language and Libraries: The Revised Report",
  publisher     = "Cambridge University Press",
  year          = "2003"
}

@article{Ghc,
  author = {Simon Marlow and Simon L. Peyton Jones},
  title = {The {G}lasgow {H}askell {C}ompiler},
  year  = {\url{http://www.haskell.org/ghc/}},
}
