@book{birdmoor96algebra , author = {R. Bird and O. de Moor} , TITLE = {The algebra of programming} , PUBLISHER = {Prentice Hall}, YEAR = {1996}}
