@book{birdmoor96algebra , author = {R. Bird and O. de Moor} , TITLE = {The algebra of programming} , PUBLISHER = {Prentice Hall}, YEAR = {1996}}
@inproceedings{meijerjeuring95merging-monads , title = {Merging monads and folds for functional programming} , author = {Meijer, Erik and Jeuring, Johan} , booktitle = {First International Spring School on Advanced Functional Programming Techniques, B{\aa}stad, Sweden} , month = {May} , number = {925} , publisher = {Springer-Verlag} , series = {LNCS} , year = {1995} , howpublished = {\verb|http://www.cse.ogi.edu/~mpj/pubs/springschool.html|}}
@article{turner79new-implementation-technique , title = {{A new implementation technique for applicative languages}} , author = {Turner, D.A.}, journal = {Software practice and experience} , pages = {31--49} , volume = {9} , year = {1979}}
@inproceedings{hughes82-supercombinators, title={{Super-combinators, a new implementation method for applicative languages}}, author={Hughes, R.J.M.}, booktitle={ACM conference on Lisp and functional programming}, year={1982}}
@article{peytonjones92stg, title={Implementing lazy functional languages on stock hardware: the Spineless Tagless {G}-machine}, author={Peyton Jones, Simon L.}, journal={J.~Funct.Progr.},  pages={127--202}, volume={2}, year={1992}}
@inproceedings{moorpeytonjonesvanwyk99aspect-oriented, title={Aspect-oriented compilers}, author={Moor, Oege de and Peyton Jones, Simon and Wyk, Eric van}, booktitle={Generative and Component-Based Software Engineering}, number = {1799} , publisher = {Springer-Verlag} , series = {LNCS} , year = {1999}, pages={121--133}}
@article{marlowpeytonjones06, title={Making a fast curry: push/enter vs.\ eval/apply for higher-order languages}, author={Marlow, Simon and Peyton Jones, Simon}, pages={415--449}, journal={J.Functional Programming}, volume={16}, year={2006}}
@mastersthesis{douma06exceptional-grin, title={Exceptional Grin}, author={Douma, Christof}, school={dept.\ Computer Science, Utrecht University}, month={April}, year={2006}}

@inproceedings{swierstra99comb-lang-Short , eprint = {papers/swierstra99comb-lang.pdf} , title = {{Designing and Implementing Combinator Languages}} , author = {Swierstra, S. Doaitse and Azero Alocer, P.R. and Saraiava, J.} , booktitle = {3rd Advanced Functional Programming} , pages = {150-206} , number = {1608} , publisher = {Springer-Verlag} , series = {LNCS} , year = {1999}  }
@inproceedings{boquist96grin-optim-Short , eprint = {papers/boquist96grin-optim.pdf} , title = {{The GRIN Project: A Highly Optimising Back End For Lazy Functional Languages}} , author = {Boquist, Urban and Johnsson, Thomas} , booktitle = {8th Workshop on Implementation of Functional Languages} , year = {1996} , url = {http://www.cs.chalmers.se/~boquist/ifl96-abstract.html} , howpublished = {\verb|http://www.cs.chalmers.se/~boquist/ifl96-abstract.html|}}
@inproceedings{jones95overl-highpoly-Short , eprint = {papers/jones95overl-highpoly.pdf} , title = {{Functional Programming with Overloading and Higher-Order Polymorphism}} , author = {Jones, Mark P.} , booktitle = {1st Advanced Functional Programming Techniques} , month = {may} , number = {925} , publisher = {Springer-Verlag} , series = {LNCS} , year = {1995} , url = {http://www.cse.ogi.edu/~mpj/pubs/springschool.html} , howpublished = {\verb|http://www.cse.ogi.edu/~mpj/pubs/springschool.html|}}
@article{marlowpeytonjones06-Short, title={Making a fast curry: push/enter vs.\ eval/apply for higher-order languages}, author={Marlow, Simon and Peyton Jones, Simon}, pages={415--449}, journal={J.Funct.Progr.}, volume={16}, year={2006}}

@article{vandenbrand02-asfsdf, author = {{Mark G. J. van den} Brand and J. Heering and P. Klint and P. A. Olivier}, title = {Compiling language definitions: the {ASF+SDF} compiler}, journal = {ACM Trans. Program. Lang. Syst.}, volume = {24}, number = {4}, year = {2002}, issn = {0164-0925}, pages = {334--368}, doi = {http://doi.acm.org/10.1145/567097.567099}, publisher = {ACM}, address = {New York, NY, USA}, }

